<?xml version="1.0" encoding="UTF-8"?><collection xmlns="http://www.loc.gov/MARC21/slim"><record><leader>00452nam--2200121-i-4500</leader><controlfield tag="001">000008822</controlfield><controlfield tag="002">20161230</controlfield><controlfield tag="005">20170210211345</controlfield><controlfield tag="008">060222s1000------------r-----000-0-eng-d</controlfield><datafield ind1=" " ind2=" " tag="245"><subfield code="a">Clasificarea zecimala universala 681: mecanica de precizie. Aparate de masurat masini pentru prelucrarea datelor. Aparate opt ice. masini de multiplicat</subfield></datafield><datafield ind1=" " ind2=" " tag="260"><subfield code="a">Bucuresti</subfield><subfield code="b">Institutul Central De Documentare Tehnica</subfield><subfield code="c">1969</subfield></datafield><datafield ind1=" " ind2=" " tag="300"><subfield code="a">53 p</subfield></datafield><datafield ind1=" " ind2=" " tag="CAT"><subfield code="a">SYS</subfield><subfield code="c">20170210</subfield><subfield code="h">211345</subfield></datafield></record></collection>